<?xml version="1.0" encoding="UTF-8"?><collection xmlns="http://www.loc.gov/MARC21/slim"><record><leader>00405nam--2200133-i-4500</leader><controlfield tag="001">000029400</controlfield><controlfield tag="002">20161230</controlfield><controlfield tag="005">20161230201037</controlfield><controlfield tag="008">060222s1000------------r-----000-0-eng-d</controlfield><datafield ind1=" " ind2=" " tag="080"><subfield code="a">621.375.826</subfield></datafield><datafield ind1=" " ind2=" " tag="245"><subfield code="a">Laser devices and applications</subfield></datafield><datafield ind1=" " ind2=" " tag="260"><subfield code="a">New York, The Institute Of Electrical And Electronics Engineers, Inc., 1973, Vii + 495p</subfield></datafield><datafield ind1=" " ind2=" " tag="700"><subfield code="a">Ivan P. Kamonov And Anthony E. Siegman</subfield></datafield><datafield ind1=" " ind2=" " tag="852"><subfield code="a">41904</subfield></datafield></record></collection>